@ARTICLE{Adebesin2013,
  author  = {Funmi Adebesin and Rosemary Foster and Paula Kotzé and Darelle van Greunen†},
  title   = {A review of interoperability standards in e-Health and imperatives for their adoption in Africa},
  journal = {South African Computer Journal}, 
  volume  = {50},
  year    = {2013},
  pages   = {55-72}
}

@article{Rezaei2014,
  author = {Reza Rezaei and Thiam Kian Chiew and Sai Peck Lee},
  title = {A review on E-business Interoperability Frameworks},
  journal = {Journal of Systems and Software},
  volume = {93},
  pages = {199-216},
  year = {2014},
}

@Inbook{Ryhanen2014,
  author="Katariina Ryhänen and Tero Päivärinta and Pasi Tyrväinen",
  title="Generic data models for Semantic e-Government interoperability: Literature Review",
  bookTitle="Electronic Government and Electronic Participation",
  year="2014",
  publisher="IOS Press",
  pages="106-119",
}

@article{Rezaei2014b,
  author = {Reza Rezaei and Thiam Kian Chiew and Sai Peck Lee and Zeinab {Shams Aliee}},
  title = {Interoperability evaluation models: A systematic review},
  journal = {Computers in Industry},
  volume = {65},
  number = {1},
  pages = {1-23},
  year = {2014},
}

@InProceedings{Elheni-Daldoul2012,
  author="Elheni-Daldoul, Dorsaf and {Le Duigou}, Julien and Eynard, Benoit and Hajri-Gabouj, Sonia",
  title="Enterprise Information Systems' Interoperability: Focus on PLM Challenges",
  booktitle="IFIP International Conference on Advances in Production Management Systems (APMS)",
  year="2013",
  pages="184-191",
}

@InProceedings{Guedria2013,
  author="Wided Guédria and Khaled Gaaloul and Henderik Proper and Yannick Naudet",
  title="Research Methodology for Enterprise Interoperability Architecture Approach",
  booktitle=" International Conference on Advanced Information Systems Engineering Workshops (CAiSE)",
  year="2013",
  pages="16-19",
}

@ARTICLE{Fortunato2010,
  author  = {Fortunato, S.},
  title   = {Community detection in graphs},
  journal = {Phys. Rep.-Rev. Sec. Phys. Lett.}, 
  volume  = {486},
  year    = {2010},
  pages   = {75-174}
}

@ARTICLE{NewmanGirvan2004,
  author  = {Newman, M. E. J. and Girvan, M.},
  title   = {Finding and evaluating community structure in networks},
  journal = {Phys. Rev. E.}, 
  volume  = {69},
  year    = {2004},
  pages   = {026113}
}

@ARTICLE{Vehlowetal2013,
  author  = {Vehlow, C. and Reinhardt, T. and Weiskopf, D.},
  title   = {Visualizing Fuzzy Overlapping Communities in Networks},
  journal = {IEEE Trans. Vis. Comput. Graph.}, 
  volume  = {19},
  year    = {2013},
  pages   = {2486-2495}
}

@ARTICLE{Raghavanetal2007,
  author  = {Raghavan, U. and Albert, R. and Kumara, S.},
  title   = {Near linear time algorithm to detect community structures in large-scale networks},
  journal = {Phys. Rev E.}, 
  volume  = {76},
  year    = {2007},
  pages   = {036106}
}

@ARTICLE{SubeljBajec2011a,
  author  = {\v{S}ubelj, L. and Bajec, M.},
  title   = {Robust network community detection using balanced propagation},
  journal = {Eur. Phys. J. B.}, 
  volume  = {81},
  year    = {2011},
  pages   = {353-362}
}

@ARTICLE{Louetal2013,
  author  = {Lou, H. and Li, S. and Zhao, Y.},
  title   = {Detecting community structure using label propagation with weighted coherent neighborhood propinquity},
  journal = {Physica A.}, 
  volume  = {392},
  year    = {2013},
  pages   = {3095-3105}
}

@ARTICLE{Clausetetal2004,
  author  = {Clauset, A. and Newman, M. E. J. and Moore, C.},
  title   = {Finding community structure in very large networks},
  journal = {Phys. Rev. E.}, 
  volume  = {70},
  year    = {2004},
  pages   = {066111}
}

@ARTICLE{Blondeletal2008,
  author  = {Blondel, V. D. and Guillaume, J. L. and Lambiotte, R. and Lefebvre, E.},
  title   = {Fast unfolding of communities in large networks},
  journal = {J. Stat. Mech.-Theory Exp.}, 
  volume  = {2008},
  year    = {2008},
  pages   = {P10008}
}

@ARTICLE{SobolevskyCampari2014,
  author  = {Sobolevsky, S. and Campari, R.},
  title   = {General optimization technique for high-quality community detection in complex networks},
  journal = {Phys. Rev. E.}, 
  volume  = {90},
  year    = {2014},
  pages   = {012811}
}

@ARTICLE{FortunatoBarthelemy2007,
  author  = {Fortunato, S. and Barthelemy, M.},
  title   = {Resolution limit in community detection},
  journal = {Proc. Natl. Acad. Sci. U. S. A.}, 
  volume  = {104},
  year    = {2007},
  pages   = {36-41}
}

@ARTICLE{SubeljBajec2011b,
  author  = {\v{S}ubelj, L. and Bajec, M.},
  title   = {Unfolding communities in large complex networks: Combining defensive and offensive label propagation for core extraction},
  journal = {Phys. Rev. E.}, 
  volume  = {83},
  year    = {2011},
  pages   = {036103}
}

@ARTICLE{WangLi2013,
  author  = {Wang, X. and Li, J.},
  title   = {Detecting communities by the core-vertex and intimate degree in complex networks},
  journal = {Physica A.}, 
  volume  = {392},
  year    = {2013},
  pages   = {2555-2563}
}

@ARTICLE{Lietal2013,
  author  = {Li, J. and Wang, X. and Eustace, J.},
  title   = {Detecting overlapping communities by seed community in weighted complex networks},
  journal = {Physica A.}, 
  volume  = {392},
  year    = {2013},
  pages   = {6125-6134}
}

@ARTICLE{Fabioetal2013,
  author  = {Fabio, D. R. and Fabio, D. and Carlo, P.},
  title   = {Profiling core-periphery network structure by random walkers},
  journal = {Sci. Rep.}, 
  volume  = {3},
  year    = {2013},
  pages   = {1467}
}

@ARTICLE{Chenetal2013,
  author  = {Chen, Q. and Wu, T. T. and Fang, M.},
  title   = {Detecting local community structure in complex networks based on local degree central nodes},
  journal = {Physica A.}, 
  volume  = {392},
  year    = {2013},
  pages   = {529-537}
}

@ARTICLE{Zhangetal2007,
  author  = {Zhang, S. and Wang, R. and Zhang, X.},
  title   = {Identification of overlapping community structure in complex networks using fuzzy c-means clustering},
  journal = {Physica A.}, 
  volume  = {374},
  year    = {2007},
  pages   = {483-490}
}

@ARTICLE{Nepuszetal2008,
  author  = {Nepusz, T. and Petr\'oczi, A. and N\'egyessy, L. and Bazs\'o, F.},
  title   = {Fuzzy communities and the concept of bridgeness in complex networks},
  journal = {Phys. Rev. E.}, 
  volume  = {77},
  year    = {2008},
  pages   = {016107}
}

@ARTICLE{FabricioLiang2013,
  author  = {Fabricio, B. and Liang, Z.},
  title   = {Fuzzy community structure detection by particle competition and cooperation},
  journal = {Soft Comput.}, 
  volume  = {17},
  year    = {2013},
  pages   = {659-673}
}

@ARTICLE{Sunetal2011,
  author  = {Sun, P. and Gao, L. and Han, S.},
  title   = {Identification of overlapping and non-overlapping community structure by fuzzy clustering in complex networks},
  journal = {Inf. Sci.}, 
  volume  = {181},
  year    = {2011},
  pages   = {1060-1071}
}

@ARTICLE{Wangetal2013,
  author  = {Wang, W. and Liu, D. and Liu, X. and Pan, L.},
  title   = {Fuzzy overlapping community detection based on local random walk and multidimensional scaling},
  journal = {Physica A.}, 
  volume  = {392},
  year    = {2013},
  pages   = {6578-6586}
}

@ARTICLE{Psorakisetal2011,
  author  = {Psorakis, I. and Roberts, S. and Ebden, M. and Sheldon, B.},
  title   = {Overlapping community detection using Bayesian non-negative matrix factorization},
  journal = {Phys. Rev. E.}, 
  volume  = {83},
  year    = {2011},
  pages   = {066114}
}

@CONFERENCE{ZhangYeung2012,
  author  = {Zhang, Y. and Yeung, D.},
  title   = {Overlapping Community Detection via Bounded Nonnegative Matrix Tri-Factorization},
  booktitle = {In Proc. ACM SIGKDD Conf.}, 
  year    = {2012},
  pages   = {606-614}
}

@ARTICLE{Liu2010,
  author  = {Liu, J.},
  title   = {Fuzzy modularity and fuzzy community structure in networks},
  journal = {Eur. Phys. J. B.}, 
  volume  = {77},
  year    = {2010},
  pages   = {547-557}
}

@ARTICLE{Havensetal2013,
  author  = {Havens, T. C. and Bezdek, J. C. and Leckie, C., Ramamohanarao, K. and Palaniswami, M.},
  title   = {A Soft Modularity Function For Detecting Fuzzy Communities in Social Networks},
  journal = {IEEE Trans. Fuzzy Syst.}, 
  volume  = {21},
  year    = {2013},
  pages   = {1170-1175}
}

@misc{Newman2013,
  author = {Newman, M. E. J.},
  title  = {Network data},
  howpublished = "\url{http://www-personal.umich.edu/~mejn/netdata/}",
  year = {2013}
}

@ARTICLE{SubeljBajec2012,
  author  = {\v{S}ubelj, L. and Bajec, M.},
  title   = {Ubiquitousness of link-density and link-pattern communities in real-world networks},
  journal = {Eur. Phys. J. B.}, 
  volume  = {85},
  year    = {2012},
  pages   = {1-11}
}

@ARTICLE{Lancichinettietal2008,
  author  = {Lancichinetti, A. and Fortunato, S. and Radicchi, F.},
  title   = {Benchmark graphs for testing community detection algorithms},
  journal = {Phys. Rev. E.}, 
  volume  = {78},
  year    = {2008},
  pages   = {046110}
}

@ARTICLE{Liuetal2014,
  author  = {Liu, W. and Pellegrini, M. and Wang, X.},
  title   = {Detecting Communities Based on Network Topology},
  journal = {Sci. Rep.}, 
  volume  = {4},
  year    = {2014},
  pages   = {5739}
}

@ARTICLE{Danonetal2005,
  author  = {Danon, L. and Diaz-Guilera, A. and Duch, J. and Arenas, A.},
  title   = {Comparing community structure identification},
  journal = {J. Stat. Mech.-Theory Exp.}, 
  volume  = {},
  year    = {2005},
  pages   = {P09008}
}

@ARTICLE{Gregory2011,
  author  = {Gregory, S.},
  title   = {Fuzzy overlapping communities in networks},
  journal = {J. Stat. Mech.-Theory Exp.}, 
  volume  = {},
  year    = {2011},
  pages   = {P02017}
}

@ARTICLE{LancichinettiFortunato2009,
  author  = {Lancichinetti, A. and Fortunato, S.},
  title   = {Benchmarks for testing community detection algorithms on directed and weighted graphs with overlapping communities},
  journal = {Phys. Rev. E.}, 
  volume  = {80},
  year    = {2009},
  pages   = {016118}
}

@CONFERENCE{HullermeierRifqi2009,
  author  = {Hullermeier, E. and Rifqi, M.},
  title   = {A Fuzzy Variant of the Rand Index for Comparing Clustering Structures},
  booktitle = {in Proc. IFSA/EUSFLAT Conf.}, 
  year    = {2009},
  pages   = {1294-1298}
}

%%%%%%%%%%%%%%%%%%%%%% Reference Paper

% Estudos Terciarios Selecionados:
% S01
@article{motta2019conceptual,
  title={A conceptual perspective on interoperability in context-aware software systems},
  _author={Motta, Rebeca C and de Oliveira, K{\'a}thia M and Travassos, Guilherme H},
  author={Motta, R. and Oliveira, K. and Travassos, G.},
  journal={Information and Software Technology},
  volume={114},
  pages={231--257},
  year={2019},
  publisher={Elsevier}
}
% S02
@article{burns2019review,
  title={A Review of Interoperability Standards for Industry 4.0.},
  author={Burns, Thomas and Cosgrove, John and Doyle, Frank},
  journal={Procedia Manufacturing},
  volume={38},
  pages={646--653},
  year={2019},
  publisher={Elsevier}
}
% S03
@article{muller2019systematic,
  title={A systematic literature review of interoperability in the green Building Information Modeling lifecycle},
  author={Muller, Marina Figueiredo and Esmanioto, Filipe and Huber, Natan and Loures, Eduardo Rocha and Junior, Osiris Canciglieri},
  journal={Journal of cleaner production},
  volume={223},
  pages={397--412},
  year={2019},
  publisher={Elsevier}
}
% S04
@article{kaur2017interoperability,
  title={Interoperability and portability approaches in inter-connected clouds: A review},
  author={Kaur, Kiranbir and Sharma, DR Sandeep and Kahlon, DR Karanjeet Singh},
  journal={ACM Computing Surveys (CSUR)},
  volume={50},
  number={4},
  pages={1--40},
  year={2017},
  publisher={ACM New York, NY, USA}
}
% S05
@article{leal2019interoperability,
  title={Interoperability assessment: A systematic literature review},
  author={Leal, G. and Guédria, W. and Panetto, H.},
  journal={Computers in Industry},
  volume={106},
  pages={111--132},
  year={2019},
  publisher={Elsevier}
}
% S06
@inproceedings{wimmer2018interoperability,
  title={Interoperability governance: a definition and insights from case studies in Europe},
  author={Wimmer, Maria A and Boneva, Rositsa and Di Giacomo, Debora},
  booktitle={Proceedings of the 19th Annual International Conference on Digital Government Research: Governance in the Data Age},
  pages={1--11},
  year={2018}
}
% S07
@inproceedings{fernandes2018interoperability,
  title={Interoperability in systems-of-information systems: A systematic mapping study},
  author={Fernandes, Juliana Costa and Neto, Valdemar V Graciano and Santos, Rodrigo Pereira dos},
  booktitle={Proceedings of the 17th Brazilian Symposium on Software Quality},
  pages={131--140},
  year={2018}
}
% S08
@inproceedings{gurdur2016measuring,
  title={Measuring tool chain interoperability in Cyber-Physical Systems},
  author={G{\"u}rd{\"u}r, Didem and Asplund, Fredrik and El-khoury, Jad},
  booktitle={2016 11th System of Systems Engineering Conference (SoSE)},
  pages={1--4},
  year={2016},
  organization={IEEE}
}
% S09
@inproceedings{muniz2019pragmatic,
  title={Pragmatic interoperability in IoT: a systematic mapping study},
  author={Muniz, Matheus HS and David, Jos{\'e} Maria N and Braga, Regina and Campos, Fernanda and Stroele, Victor},
  booktitle={Proceedings of the 25th Brazillian Symposium on Multimedia and the Web},
  pages={73--80},
  year={2019}
}
% S10
@inproceedings{motta2017rethinking,
  title={Rethinking interoperability in contemporary software systems},
  author={Motta, Rebeca Campos and De Oliveira, K{\'a}thia Mar{\c{c}}al and Travassos, Guilherme Horta},
  booktitle={2017 IEEE/ACM Joint 5th International Workshop on Software Engineering for Systems-of-Systems and 11th Workshop on Distributed Software Development, Software Ecosystems and Systems-of-Systems (JSOS)},
  pages={9--15},
  year={2017},
  organization={IEEE}
}
% S11
@inproceedings{nilsson2018semantic,
  title={Semantic interoperability in industry 4.0: Survey of recent developments and outlook},
  author={Nilsson, Jacob and Sandin, Fredrik},
  booktitle={2018 IEEE 16th International Conference on Industrial Informatics (INDIN)},
  pages={127--132},
  year={2018},
  organization={IEEE}
}
% S12
@article{burzlaff2019semantic,
  title={Semantic interoperability methods for smart service systems: A survey},
  author={Burzlaff, Fabian and Wilken, Nils and Bartelt, Christian and Stuckenschmidt, Heiner},
  journal={IEEE Transactions on Engineering Management},
  year={2019},
  publisher={IEEE}
}
% S13
@inproceedings{brabra2016semantic,
  title={Semantic web technologies in cloud computing: a systematic literature review},
  author={Brabra, Hayet and Mtibaa, Achraf and Sliman, Layth and Gaaloul, Walid and Gargouri, Faiez},
  booktitle={2016 IEEE International Conference on Services Computing (SCC)},
  pages={744--751},
  year={2016},
  organization={IEEE}
}


% S14
@article{lim2020toward,
  title={Toward Semantic IoT Load Inference Attention Management for Facilitating Healthcare and Public Health Collaboration: A Survey},
  author={Lim, Sachiko and Rahmani, Rahim},
  journal={Procedia Computer Science},
  volume={177},
  pages={371--378},
  year={2020},
  publisher={Elsevier}
}
% S15
@article{neiva2016towards,
  title={Towards pragmatic interoperability to support collaboration: A systematic review and mapping of the literature},
  author={Neiva, Fr{\^a}ncila Weidt and David, Jos{\'e} Maria N and Braga, Regina and Campos, Fernanda},
  journal={Information and Software Technology},
  volume={72},
  pages={137--150},
  year={2016},
  publisher={Elsevier}
}


% Começou aqui
@article{eason1955certain,
  title={" On certain integrals of Lipschitz-Hankel type involving products of Bessel functions," Phil. Trans. Roy. Soc. London, vol. A247, pp. 529-551},
  author={Eason, G and Noble, B and Sneddon, IN},
  year={1955}
}
@book{maxwell1873treatise,
  title={A treatise on electricity and magnetism},
  author={Maxwell, NA James Clerk},
  volume={1},
  year={1873},
  publisher={Oxford: Clarendon Press}
}
@article{jacobs1963fine,
  title={Fine particles, thin films and exchange anisotropy},
  author={Jacobs, IS},
  journal={Magnetism},
  pages={271--350},
  year={1963},
  publisher={Academic}
}
@article{medina2007title,
  title={Title of paper if known [J]},
  author={Medina, V and Valdes, R and Azpiroz, J and Sacristan, E},
  journal={Management Science},
  volume={25},
  number={4},
  pages={240--254},
  year={2007}
}
@article{nicoletitle,
  title={" Title of paper with only first word capitalized," J. Name Stand. Abbrev., in press.},
  author={Nicole, R}
}
@article{yorozu1987electron,
  title={Electron spectroscopy studies on magneto-optical media and plastic substrate interface},
  author={Yorozu, T and Hirano, M and Oka, K and Tagawa, Y},
  journal={IEEE translation journal on magnetics in Japan},
  volume={2},
  number={8},
  pages={740--741},
  year={1987},
  publisher={IEEE}
}
@article{young1989technical,
  title={The technical writer's handbook: Writing with style and clarity},
  author={Young, Matt and Howard, John N},
  journal={ApOpt},
  volume={28},
  number={22},
  pages={4952},
  year={1989}
}
@book{wohlin2012experimentation,
  title={Experimentation in software engineering},
  author={Wohlin, Claes and Runeson, Per and H{\"o}st, Martin and Ohlsson, Magnus C and Regnell, Bj{\"o}rn and Wessl{\'e}n, Anders},
  year={2012},
  publisher={Springer Science \& Business Media}
}

@article{verner2012systematic,
  title={Systematic literature reviews in global software development: a tertiary study},
  author={Verner, June M and Brereton, O Pearl and Kitchenham, Barbara A and Turner, Mark and Niazi, Mahmood},
  year={2012},
  journal = {IET Conference Proceedings},
  publisher={Institution of Engineering and Technology}
}

@article{Kitchenham10SLRS,
title = {Systematic literature reviews in software engineering – A tertiary study},
journal = {Information and Software Technology},
volume = {52},
number = {8},
pages = {792-805},
year = {2010},
author = {Barbara Kitchenham and Rialette Pretorius and David Budgen and O. Brereton and Mark Turner and Mahmood Niazi and Stephen Linkman},
}

@techreport{keele2007guidelines,
  title={Guidelines for performing systematic literature reviews in software engineering},
  author={Keele, Staffs and others},
  year={2007},
  institution={Technical report, Ver. 2.3 EBSE Technical Report. EBSE}
}
@article{ieee1990ieee,
  title={IEEE Standard Glossary of Software Engineering Terminology (IEEE Std 610.12-1990). Los Alamitos},
  author={IEEE Standards Coordinating Committee and others},
  journal={CA: IEEE Computer Society},
  volume={169},
  year={1990}
}
@article{maciel2017full,
  title={Full interoperability: Challenges and opportunities for future information systems},
  author={Maciel, Rita Suzana P and David, Jos{\'e} Maria N and Claro, Daniela Barreiro and Braga, Regina},
  journal={Grand Research Challenges in Information Systems in Brazil 2016},
  volume={2026},
  pages={107--116},
  year={2017}
}
@inproceedings{asuncion2010pragmatic,
  title={Pragmatic interoperability: A systematic review of published definitions},
  author={Asuncion, Camlon H and Van Sinderen, Marten J},
  booktitle={IFIP International Conference on Enterprise Architecture, Integration and Interoperability},
  pages={164--175},
  year={2010},
  organization={Springer}
}
@inproceedings{valle2019typology,
  title={A Typology of Architectural Strategies for Interoperability},
  author={Valle, Pedro Henrique Dias and Garc{\'e}s, Lina and Nakagawa, Elisa Yumi},
  booktitle={Proceedings of the XIII Brazilian Symposium on Software Components, Architectures, and Reuse},
  pages={3--12},
  year={2019}
}
@phdthesis{pokraev2009model,
  title={Model-driven semantic integration of service-oriented applications},
  author={Pokraev, Stanislav},
  year={2009},
  school={University of Twente}
}
@article{bryant2020social,
  title={Social Interoperability in Research Support: Cross-Campus Partnerships and the University Research Enterprise. OCLC Research Report.},
  author={Bryant, Rebecca and Dortmund, Annette and Lavoie, Brian},
  journal={OCLC Online Computer Library Center, Inc.},
  year={2020},
  publisher={ERIC}
}

@article{kitchenham2009systematic,
  title={Systematic literature reviews in software engineering--a systematic literature review},
  author={Kitchenham, Barbara and Brereton, O Pearl and Budgen, David and Turner, Mark and Bailey, John and Linkman, Stephen},
  journal={Information and software technology},
  volume={51},
  number={1},
  pages={7--15},
  year={2009},
  publisher={Elsevier},
}

@article{hoda2017systematic,
  title={Systematic literature reviews in agile software development: A tertiary study},
  author={Hoda, Rashina and Salleh, Norsaremah and Grundy, John and Tee, Hui Mien},
  journal={Information and Software Technology},
  volume={85},
  pages={60--70},
  year={2017},
  publisher={Elsevier},
}

@inproceedings{tolk2003levels,
  title={The levels of conceptual interoperability model},
  author={Tolk, Andreas and Muguira, James A},
  booktitle={Proceedings of the 2003 fall simulation interoperability workshop},
  volume={7},
  pages={1--11},
  year={2003},
  organization={Citeseer},
}

@article{wang2009levels,
  title={The levels of conceptual interoperability model: applying systems engineering principles to M\&S},
  author={Wang, Wenguang and Tolk, Andreas and Wang, Weiping},
  journal={arXiv preprint arXiv:0908.0191},
  year={2009}
}
@article{kitchenham2007guidelines,
  title={Guidelines for performing systematic literature reviews in software engineering technical report},
  author={Kitchenham, Barbara A and Charters, Stuart},
  journal={Software Engineering Group, EBSE Technical Report, Keele University and Department of Computer Science University of Durham},
  volume={2},
  year={2007}
}
@article{negulescu2011interoperability,
  title={Interoperability in strategic combined Joint special operations},
  author={Negulescu, Florinel Constantin and others},
  journal={Defense Resources Management in the 21st Century},
  volume={6},
  number={6},
  pages={136--140},
  year={2011},
  publisher={Regional Department of Defense Resources Management Studies}
}
@article{bernstein1997segurancca,
  title={Seguran{\c{c}}a na internet},
  author={Bernstein, Terry and Bhimani, Anish B and Schultz, Eugene and Siegel, Carol A},
  journal={Rio de janeiro: Campus},
  year={1997}
}
@article{penteado2019plataforma,
  title={Plataforma CLAV: garantindo a interoperabilidade sem{\^a}ntica e preparando o acesso continuado {\`a} informa{\c{c}}{\~a}o},
  author={Penteado, Pedro and Louren{\c{c}}o, Alexandra and Gago, Maria Rita and Ramalho, Jos{\'e} Carlos and Ribeiro, Madalena},
  journal={Actas do Encontro Nacional de Arquivos Municipais},
  number={13},
  year={2019}
}
@inproceedings{kim2008social,
  title={Social semantic cloud of tag: Semantic model for social tagging},
  author={Kim, Hak-Lae and Breslin, John G and Yang, Sung-Kwon and Kim, Hong-Gee},
  booktitle={KES International Symposium on Agent and Multi-Agent Systems: Technologies and Applications},
  pages={83--92},
  year={2008},
  organization={Springer}
}
@article{oehry2004state,
  title={The state of European EFC interoperability},
  author={Oehry, Bernhard and Engdahl, J},
  year={2004},
  publisher={IET}
}
@article{werthersystematic,
  title={A Systematic Mapping on Visual Solutions to Support the Comprehension of Software Architecture Evolution},
  author={Werther, Joao and de Figueiredo Carneiro, Glauco and Maciel, Rita Suzana Pitangueira}
}
@inproceedings{curry2012system,
  title={System of systems information interoperability using a linked dataspace},
  author={Curry, Edward},
  booktitle={2012 7th International Conference on System of Systems Engineering (SoSE)},
  pages={101--106},
  year={2012},
  organization={IEEE}
}
@article{chen2008architectures,
  title={Architectures for enterprise integration and interoperability: Past, present and future},
  author={Chen, David and Doumeingts, Guy and Vernadat, Fran{\c{c}}ois},
  journal={Computers in industry},
  volume={59},
  number={7},
  pages={647--659},
  year={2008},
  publisher={Elsevier}
}
@inproceedings{loutas2011semantic,
  title={A semantic interoperability framework for cloud platform as a service},
  author={Loutas, Nikolaos and Kamateri, Eleni and Tarabanis, Konstantinos},
  booktitle={2011 IEEE Third International Conference on Cloud Computing Technology and Science},
  pages={280--287},
  year={2011},
  organization={IEEE}
}
@article{sheth1990federated,
  title={Federated database systems for managing distributed, heterogeneous, and autonomous databases},
  author={Sheth, Amit P and Larson, James A},
  journal={ACM Computing Surveys (CSUR)},
  volume={22},
  number={3},
  pages={183--236},
  year={1990},
  publisher={ACM New York, NY, USA}
}
@techreport{tolk2003beyond,
  title={Beyond technical interoperability-introducing a reference model for measures of merit for coalition interoperability},
  author={Tolk, Andreas},
  year={2003},
  institution={Old Dominion Univ Norfolk VA}
}
@article{schardt2007utilization,
  title={Utilization of the PICO framework to improve searching PubMed for clinical questions},
  author={Schardt, Connie and Adams, Martha B and Owens, Thomas and Keitz, Sheri and Fontelo, Paul},
  journal={BMC medical informatics and decision making},
  volume={7},
  number={1},
  pages={16},
  year={2007},
  publisher={Springer}
}
@article{tolk2006ontological,
  title={Ontological implications of the levels of conceptual interoperability model},
  author={Tolk, Andreas and Turnitsa, Charles D and Diallo, Saikou Y},
  year={2006}
}
@inproceedings{asuncion2011pragmatic,
  title={Pragmatic Interoperability in the Enterprise-A Research Agenda.},
  author={Asuncion, Camlon H},
  booktitle={CAiSE (Doctoral Consortium)},
  pages={3--14},
  year={2011}
}
@inproceedings{ribeiro2019conceptual,
  title={A Conceptual Framework for Pragmatic Interoperability},
  author={Ribeiro, Elivaldo Lozer Fracalossi and Monteiro, Erasmo Leite and Claro, Daniela Barreiro and Maciel, Rita Suzana Pitangueira},
  booktitle={Proceedings of the XV Brazilian Symposium on Information Systems},
  pages={1--8},
  year={2019}
}
@article{handley2014network,
  title={A network model for human interoperability},
  author={Handley, Holly AH},
  journal={Human factors},
  volume={56},
  number={2},
  pages={349--360},
  year={2014},
  publisher={Sage Publications Sage CA: Los Angeles, CA}
}
@inproceedings{abukwaik2017software,
author = {Abukwaik, Hadil and Rombach, Dieter},
title = {Software Interoperability Analysis in Practice: A Survey},
year = {2017},
isbn = {9781450348041},
publisher = {Association for Computing Machinery},
address = {New York, NY, USA},
url = {https://doi.org/10.1145/3084226.3084255},
doi = {10.1145/3084226.3084255},
abstract = {Software interoperability property plays a vital role in enabling interoperation in todayfis system-of-systems, cyber-physical systems, ecosystems, etc. Despite the critical role of interoperability analysis in enabling a successful and meaningful software interoperation, it is still facing challenges that impede performing it effectively and efficiently. We performed an online survey of software engineers with software integration experiences to identify the main difficulties of performing interoperability analysis. The results confirm that the state of available practical support and current input artifacts used during the analysis are significantly perceived as important difficulties. Respondents claim a lack of guidelines and best practices for applying interoperability analysis and claim insufficiency of shared information about interoperable software units. This indicates the need for providing directive and rigorous guidelines for practitioners to follow and to enrich the content of shared documents about interoperable software units.},
booktitle = {Proceedings of the 21st International Conference on Evaluation and Assessment in Software Engineering},
pages = {12–20},
numpages = {9},
keywords = {Conceptual interoperability, interoperability analysis, survey},
location = {Karlskrona, Sweden},
series = {EASE'17}
}



@article{fox1998toward,
  title={Toward a worldwide digital library},
  author={Fox, Edward A and Marchionini, Gary},
  journal={Communications of the ACM},
  volume={41},
  number={4},
  pages={29--32},
  year={1998},
  publisher={ACM New York, NY, USA}
}
@book{garlapati2012interoperability,
  title={Interoperability in Healthcare: A focus on the Social Interoperability},
  author={Garlapati, Rambabu and Biswas, Rajib},
  year={2012}
}
@inproceedings{goldkuhl2008challenges,
  title={The challenges of Interoperability in E-government: Towards a conceptual refinement},
  author={Goldkuhl, G{\"o}ran},
  booktitle={Proceedings pre-ICIS 2008 SIG eGovernment Workshop},
  year={2008}
}

@inproceedings{dimario2006system,
  title={System of systems interoperability types and characteristics in joint command and control},
  author={DiMario, Michael J},
  booktitle={2006 IEEE/SMC International Conference on System of Systems Engineering},
  pages={6--pp},
  year={2006},
  organization={IEEE}
}

@article{noura2019interoperability,
  title={Interoperability in internet of things: Taxonomies and open challenges},
  author={Noura, Mahda and Atiquzzaman, Mohammed and Gaedke, Martin},
  journal={Mobile Networks and Applications},
  volume={24},
  number={3},
  pages={796--809},
  year={2019},
  publisher={Springer}
}

@article{gurdur2018systematic,
  title={A systematic review to merge discourses: Interoperability, integration and cyber-physical systems},
  author={G{\"u}rd{\"u}r, Didem and Asplund, Fredrik},
  journal={Journal of Industrial information integration},
  volume={9},
  pages={14--23},
  year={2018},
  publisher={Elsevier}
}
@article{tolk2007applying,
  title={Applying the levels of conceptual interoperability model in support of integratability, interoperability, and composability for system-of-systems engineering},
  author={Tolk, Andreas and Diallo, Saikou Y and Turnitsa, Charles D},
  journal={Journal of Systems, Cybernetics, and Informatics},
  volume={5},
  number={5},
  year={2007}
}
@article{ampatzoglou2019identifying,
  title={Identifying, categorizing and mitigating threats to validity in software engineering secondary studies},
  author={Ampatzoglou, Apostolos and Bibi, Stamatia and Avgeriou, Paris and Verbeek, Marijn and Chatzigeorgiou, Alexander},
  journal={Information and Software Technology},
  volume={106},
  pages={201--230},
  year={2019},
  publisher={Elsevier}
}

@article{Moreno2015,
  title={Clinical information modeling processes for semantic interoperability of electronic health records: systematic review and inductive analysis},
  author={Moreno-Conde, A. and Moner, D. and Cruz, W. D. da and Santos, M. R. and Maldonado, J. A. and Robles, M. and Kalra, D.},
  journal={Journal of the American medical informatics association},
  volume={22},
  number={4},
  pages={925--934},
  year={2015},
  publisher={Oxford University Press}
}


@article{Rebelo2018,
  title={Semantic interoperability of early warning systems: a systematic literature review},
  author={Moreira, J. L. and Pires, L. and Costa, P. and Sinderen, M.},
  journal={Enterprise Interoperability: Smart Services and Business Impact of Enterprise Interoperability},
  pages={407--413},
  year={2018},
  publisher={Wiley Online Library}
}

@article{Fraga2020,
  title={Ontology-based solutions for interoperability among product lifecycle management systems: A systematic literature review},
  author={Fraga, A. L. and Vegetti, M. and Leone, H. P.},
  journal={Journal of Industrial Information Integration},
  volume={20},
  pages={100176},
  year={2020},
  publisher={Elsevier}
}

@article{Ayaz2021,
  title={The Fast Health Interoperability Resources (FHIR) standard: systematic literature review of implementations, applications, challenges and opportunities},
  author={Ayaz, M. and Pasha, M. F. and Alzahrani, M. Y. and Budiarto, R. and Stiawan, D.},
  journal={JMIR Medical Informatics},
  volume={9},
  number={7},
  year={2021},
  publisher={JMIR Publications Inc., Toronto, Canada}
}

@article{Mello22,
  title={Semantic interoperability in health records standards: a systematic literature review},
  author={Mello, B. and Rigo, S. and Costa, C. and Righi, R. and Donida, B. and Bez, M. and Schunke, L.},
  journal={Health and Technology},
  pages={1--18},
  year={2022},
  publisher={Springer}
}

% S26
@article{gurdur2018systematic,
  title={A systematic review to merge discourses: Interoperability, integration and cyber-physical systems},
  author={G{\"u}rd{\"u}r, Didem and Asplund, Fredrik},
  journal={Journal of Industrial information integration},
  volume={9},
  pages={14--23},
  year={2018},
  publisher={Elsevier}
}

% S27
@inproceedings{lee2021developing,
  title={Developing a transnational health record framework with level-specific interoperability guidelines based on a related literature review},
  author={Lee, Ah Ra and Kim, Il Kon and Lee, Eunjoo},
  booktitle={Healthcare},
  volume={9},
  number={1},
  pages={67},
  year={2021},
  organization={Multidisciplinary Digital Publishing Institute}
}


@article{Didem2018,
title = {A systematic review to merge discourses: Interoperability, integration and cyber-physical systems},
author = {Didem Gürdür and Fredrik Asplund},
journal = {Journal of Industrial Information Integration},
volume = {9},
pages = {14-23},
year = {2018}
}

@book{Kitchenham15,
  title={Evidence-based software engineering and systematic reviews},
  author={Kitchenham, Barbara Ann and Budgen, David and Brereton, Pearl},
  volume={4},
  year={2015},
  publisher={CRC press},
  address={Boca Raton, USA}
}

@article{amjad2021,
  title={A Systematic Review on the Data Interoperability of Application Layer Protocols in Industrial IoT},
  author={Amjad, Anam and Azam, Farooque and Anwar, Muhammad Waseem and Butt, Wasi Haider},
  journal={IEEE Access},
  year={2021},
  publisher={IEEE}
}

@inproceedings{yousif2019exploring,
  title={Exploring Semantic Interoperability in e-Government Interoperability Frameworks for intra-African collaboration: A Systematic Literature Review},
  author={Yousif Ahmed, Safa and Twinomurinzi, Hossana},
  booktitle={52nd Hawaii International Conference on System Sciences},
  year={2019}
}

@inproceedings{venceslau2019iot,
  title={IoT semantic interoperability: a systematic mapping study},
  author={Venceslau, Amanda and Andrade, Rossana and Vidal, V{\^a}nia and Nogueira, Tales and Pequeno, Val{\'e}ria},
  booktitle={International Conference on Enterprise Information Systems},
  volume={1},
  pages={535--544},
  year={2019},
  organization={SciTePress}


@article{szejka2017semantic,
  title={Semantic interoperability for an integrated product development process: a systematic literature review},
  author={Szejka, Anderson Luis and Canciglieri Jr, Osiris and Panetto, Herv{\'e} and Rocha Loures, Eduardo and Aubry, Alexis},
  journal={International Journal of Production Research},
  volume={55},
  number={22},
  pages={6691--6709},
  year={2017},
  publisher={Taylor \& Francis}
}

@incollection{castro2019semantic,
  title={Semantic interoperability in {IoT}: A systematic mapping},
  _author={Castro de Souza, Saymon and Pereira Filho, Gon{\c{c}}alves and others},
  author={Souza, S. and Pereira Filho, J.},
  booktitle={Internet of Things, Smart Spaces, and Next Generation Networks and Systems},
  pages={53--64},
  year={2019},
  publisher={Springer}
}

@inproceedings{haskins2006systems,
  title={Systems engineering handbook},
  author={Haskins, Cecilia and Forsberg, Kevin and Krueger, Michael and Walden, D and Hamelin, D},
  booktitle={INCOSE},
  volume={9},
  pages={13--16},
  year={2006}
}

@article{wang2009levels,
  title={The levels of conceptual interoperability model: applying systems engineering principles to M\&S},
  author={Wang, Wenguang and Tolk, Andreas and Wang, Weiping},
  journal={arXiv preprint arXiv:0908.0191},
  year={2009}
}

@article{lavean1980interoperability,
  title={Interoperability in defense communications},
  author={LaVean, G},
  journal={IEEE transactions on communications},
  volume={28},
  number={9},
  pages={1445--1455},
  year={1980},
  publisher={IEEE}
}

@misc{mensh1989methodology,
  title={A METHODOLOGY FOR QUANTIFYING INTEROPERABILITY-REPLY},
  author={MENSH, DR and KITE, RS and DARBY, PH},
  journal={Naval Engineers Journal},
  volume={101},
  number={4},
  pages={158--158},
  year={1989},
  publisher={AMER SOC NAVAL ENG INC 1452 DUKE STREET, ALEXANDRIA, VA 22314-3458}
}

@inproceedings{amanowicz1996military,
  title={Military communications and information systems interoperability},
  author={Amanowicz, M and Gajewski, P},
  booktitle={Proceedings of MILCOM'96 IEEE Military Communications Conference},
  volume={1},
  pages={280--283},
  year={1996},
  organization={IEEE}
}


@book{ford2008interoperability,
  title={Interoperability measurement},
  author={Ford, Thomas C},
  year={2008},
  publisher={Air Force Institute of Technology}
}

@article{santos2009building,
  title={Building information modeling and interoperability},
  author={Santos, Eduardo Toledo},
  year={2009},
  publisher={CUMINCAD}
}

@article{tolk2003overview,
  title={Overview of recent Findings of the Study Groups of the Simulation Interoperability Workshop dealing with C3I and M\&S Interoperability},
  author={Tolk, Andreas},
  booktitle={Proceedings of the NATO M\&S Group Symposium on" C3I and M\&S Interoperability, Antalya, Turkey},
  year={2003},
  organization={Citeseer}
}

@article{nedovic2001organizational,
  title={Organizational (soft) GIS interoperability: lessons from the US},
  author={Nedovic-Budic, Zorica and Pinto, Jeffrey K},
  journal={International Journal of Applied Earth Observation and Geoinformation},
  volume={3},
  number={3},
  pages={290--298},
  year={2001},
  publisher={Elsevier}
}


@article{Lavean1980,
  title={Interoperability in defense communications},
  author={LaVean, G},
  journal={IEEE transactions on communications},
  volume={28},
  number={9},
  pages={1445--1455},
  year={1980},
  publisher={IEEE}
}

@article{tolk2003,
  title={The levels of conceptual interoperability model},
  author={Tolk, Andreas and Muguira, James A},
  booktitle={Proceedings of the 2003 fall simulation interoperability workshop},
  volume={7},
  pages={1--11},
  year={2003},
  organization={Citeseer}
}

@article{turnitsa2005,
  title={Extending the levels of conceptual interoperability model},
  author={Turnitsa, CD},
  booktitle={Proceedings IEEE summer computer simulation conference, IEEE CS Press},
  year={2005}
}

@techreport{tolk2003beyond,
  title={Beyond technical interoperability-introducing a reference model for measures of merit for coalition interoperability},
  author={Tolk, Andreas},
  year={2003},
  booktitle={8th International Command and Control
Research and Technology Symposium},
  institution={Old Dominion Univ Norfolk VA}
}

@techreport{EIF2017,
  title={Interoperability solutions for public administrations, businesses and citizens. About ISA2},
  author={},
  year={2017},
  institution={https://ec.europa.eu/isa2/isa2_en}
}

@article{nakagawa2021industry,
  title={Industry 4.0 reference architectures: State of the art and future trends},
  author={Nakagawa, Elisa Yumi and Antonino, Pablo Oliveira and Schnicke, Frank and Capilla, Rafael and Kuhn, Thomas and Liggesmeyer, Peter},
  journal={Computers \& Industrial Engineering},
  volume={156},
  pages={107241},
  year={2021},
  publisher={Elsevier}
}

@techreport{stewart2004non,
  title={Non-technical interoperability: The challenge of command leadership in multinational operations},
  author={Stewart, Keith and Cremin, Dennis and Mills, M and Phipps, D},
  year={2004},
  institution={QINETIQ LTD FARNBOROUGH (UNITED KINGDOM) CENTRE FOR HUMAN SCIENCES}
}

@incollection{shawish2014cloud,
  title={Cloud computing: paradigms and technologies},
  author={Shawish, Ahmed and Salama, Maria},
  booktitle={Inter-cooperative collective intelligence: Techniques and applications},
  pages={39--67},
  year={2014},
  publisher={Springer}
}
@article{mane2022model,
  title={A Model-Driven Approach for Interoperability Among SaaS and DaaS/DBaaS: The MIDAS Case},
  author={Mane, Babacar and Mascarenhas, Ana Patr{\'\i}cia F Magalh{\~a}es and Quinteiro, Gustavo and Maciel, Rita Suzana Pitangueira and Claro, Daniela Barreiro},
  journal={SN Computer Science},
  volume={3},
  number={4},
  pages={1--18},
  year={2022},
  publisher={Springer}
}
@inproceedings{santos2021interoperability,
  title={Interoperability Types Classifications: A Tertiary Study},
  author={Santos, K{\'e}cia Souza Santana and Pinheiro, Larissa Barbosa Leoncio and Maciel, Rita Suzana Pitangueira},
  booktitle={XVII Brazilian Symposium on Information Systems},
  pages={1--8},
  year={2021}
}
@article{wegner1996interoperability,
  title={Interoperability},
  author={Wegner, Peter},
  journal={ACM Computing Surveys (CSUR)},
  volume={28},
  number={1},
  pages={285--287},
  year={1996},
  publisher={ACM New York, NY, USA}
}
@techreport{LISI,
  title={Levels of information systems interoperability (lisi)},
  author={C4ISR Interoperability Working Group},
  year={1998},
  institution={US Department of Defense, Washington, DC}
}
@article{ford2007survey,
  title={Survey on interoperability measurement},
  author={Ford, Thomas C and Colombi, John M and Graham, Scott R and Jacques, David R},
  year={2007},
  publisher={AIR FORCE INST OF TECH WRIGHT-PATTERSON AFB OH}
}




